%% This BibTeX bibliography file was created using BibDesk.
%% https://bibdesk.sourceforge.io/

%% Created for Rubén Martos Prieto at 2025-10-09 23:24:15 +0200 


%% Saved with string encoding Unicode (UTF-8) 



@article{dowhy,
	author = {Patrick Bl{\"o}baum and Peter G{\"o}tz and Kailash Budhathoki and Atalanti A. Mastakouri and Dominik Janzing},
	journal = {Journal of Machine Learning Research},
	number = {147},
	pages = {1--7},
	title = {DoWhy‑GCM: An Extension of DoWhy for Causal Inference in Graphical Causal Models},
	url = {http://jmlr.org/papers/v25/22-1258.html},
	volume = {25},
	year = {2024},
	bdsk-url-1 = {http://jmlr.org/papers/v25/22-1258.html}}

@article{KaiserSipos2021,
	author = {Marcus Kaiser and Maksim Sipos},
	journal = {arXiv preprint arXiv:2104.05441},
	note = {Demonstrates lack of scale‑invariance and hyperparameter sensitivity of NOTEARS},
	title = {{Unsuitability of NOTEARS for Causal Graph Discovery}},
	url = {https://arxiv.org/abs/2104.05441},
	year = {2021},
	bdsk-url-1 = {https://arxiv.org/abs/2104.05441}}

@article{shimizu2006linear,
	author = {Shimizu, Shohei and Hoyer, Patrik O. and Hyv{\"a}rinen, Aapo and Kerminen, Antti},
	journal = {Journal of Machine Learning Research},
	pages = {2003--2030},
	publisher = {JMLR.org},
	title = {A Linear Non-Gaussian Acyclic Model for Causal Discovery},
	volume = {7},
	year = {2006}}

@book{spirtes1993causation,
	address = {New York},
	author = {Spirtes, Peter and Glymour, Clark and Scheines, Richard},
	publisher = {Springer-Verlag},
	title = {Causation, Prediction, and Search},
	year = {1993}}

@inproceedings{TeyssierKoller2005,
	author = {Marc Teyssier and Daphne Koller},
	booktitle = {Proceedings of the 21st Conference on Uncertainty in Artificial Intelligence (UAI)},
	pages = {584--590},
	title = {Ordering‑based Search: A Simple and Effective Algorithm for Learning Bayesian Networks},
	year = {2005}}

@article{Margolin2006,
	author = {Margolin, Adam A. and Nemenman, Ilya and Basso, Katia and Wiggins, Chris and Stolovitzky, Gustavo and Dalla Favera, Riccardo and Califano, Andrea},
	doi = {10.1186/1471-2105-7-S1-S7},
	journal = {BMC Bioinformatics},
	number = {Suppl 1},
	pages = {S7},
	title = {ARACNE: An algorithm for the reconstruction of gene regulatory networks in a mammalian cellular context},
	url = {https://bmcbioinformatics.biomedcentral.com/articles/10.1186/1471-2105-7-S1-S7},
	volume = {7},
	year = {2006},
	bdsk-url-1 = {https://bmcbioinformatics.biomedcentral.com/articles/10.1186/1471-2105-7-S1-S7},
	bdsk-url-2 = {https://doi.org/10.1186/1471-2105-7-S1-S7}}

@article{Faith2007,
	author = {Faith, Jeremiah J. and Hayete, Boris and Thaden, Joshua T. and Mogno, Ilaria and Wierzbowski, John and Cottarel, Gilles and Kasif, Simon and Collins, James J. and Gardner, Timothy S.},
	doi = {10.1371/journal.pbio.0050008},
	journal = {PLOS Biology},
	number = {1},
	pages = {e8},
	title = {Large-Scale Mapping and Validation of *Escherichia coli* Transcriptional Regulation from a Compendium of Expression Profiles},
	url = {https://journals.plos.org/plosbiology/article?id=10.1371/journal.pbio.0050008},
	volume = {5},
	year = {2007},
	bdsk-url-1 = {https://journals.plos.org/plosbiology/article?id=10.1371/journal.pbio.0050008},
	bdsk-url-2 = {https://doi.org/10.1371/journal.pbio.0050008}}

@article{Meyer2008_minet,
	author = {Meyer, Patrick E. and Lafitte, Fr{\'e}d{\'e}ric and Bontempi, Gianluca},
	doi = {10.1186/1471-2105-9-461},
	journal = {BMC Bioinformatics},
	pages = {461},
	title = {minet: An R/Bioconductor Package for Inferring Large Transcriptional Networks Using Mutual Information},
	url = {https://bmcbioinformatics.biomedcentral.com/articles/10.1186/1471-2105-9-461},
	volume = {9},
	year = {2008},
	bdsk-url-1 = {https://bmcbioinformatics.biomedcentral.com/articles/10.1186/1471-2105-9-461},
	bdsk-url-2 = {https://doi.org/10.1186/1471-2105-9-461}}

@article{HuynhThu2010,
	author = {Huynh-Thu, V{\^a}n Anh and Irrthum, Alexandre and Wehenkel, Louis and Geurts, Pierre},
	doi = {10.1371/journal.pone.0012776},
	journal = {PLOS ONE},
	number = {9},
	pages = {e12776},
	title = {Inferring regulatory networks from expression data using tree-based methods},
	url = {https://journals.plos.org/plosone/article?id=10.1371/journal.pone.0012776},
	volume = {5},
	year = {2010},
	bdsk-url-1 = {https://journals.plos.org/plosone/article?id=10.1371/journal.pone.0012776},
	bdsk-url-2 = {https://doi.org/10.1371/journal.pone.0012776}}

@article{Bansal2006,
	author = {Bansal, Mukesh and Della Gatta, Giusy and Di Bernardo, Diego},
	doi = {10.1093/bioinformatics/btl003},
	journal = {Bioinformatics},
	number = {7},
	pages = {815--822},
	title = {Inference of gene regulatory networks and compound mode of action from time course gene expression profiles},
	url = {https://academic.oup.com/bioinformatics/article/22/7/815/202299},
	volume = {22},
	year = {2006},
	bdsk-url-1 = {https://academic.oup.com/bioinformatics/article/22/7/815/202299},
	bdsk-url-2 = {https://doi.org/10.1093/bioinformatics/btl003}}

@article{Friedman2000,
	author = {Friedman, Nir and Linial, Michal and Nachman, Iftach and Peer, Dana},
	doi = {10.1089/106652700750050961},
	journal = {Journal of Computational Biology},
	number = {3-4},
	pages = {601--620},
	title = {Using Bayesian networks to analyze expression data},
	url = {https://www.liebertpub.com/doi/10.1089/106652700750050961},
	volume = {7},
	year = {2000},
	bdsk-url-1 = {https://www.liebertpub.com/doi/10.1089/106652700750050961},
	bdsk-url-2 = {https://doi.org/10.1089/106652700750050961}}

@book{Pearl2009,
	author = {Pearl, Judea},
	edition = {2nd},
	publisher = {Cambridge University Press},
	title = {Causality: Models, Reasoning and Inference},
	url = {https://projects.illc.uva.nl/cil/uploaded_files/inlineitem/Pearl_2009_Causality.pdf},
	year = {2009},
	bdsk-url-1 = {https://projects.illc.uva.nl/cil/uploaded_files/inlineitem/Pearl_2009_Causality.pdf}}

@article{Guilcher2025,
	author = {Guilcher, J{\'e}r{\'e}my and Lezhneva, Liudmila and Williams-Carrier, Robyn and Barkan, Alice and Small, Ian and Hammani, Khaled},
	journal = {The Plant Cell},
	note = {in press},
	title = {Full Length Transcriptome Highlights the Coordination of Plastid Transcript Processing},
	url = {https://hal.inrae.fr/hal-03343771},
	year = {2025},
	bdsk-url-1 = {https://hal.inrae.fr/hal-03343771}}

@article{HuynhThuGeurts2018,
	author = {Huynh-Thu, V{\^a}n Anh and Geurts, Pierre},
	doi = {10.1038/s41598-018-21715-0},
	journal = {Scientific Reports},
	number = {1},
	pages = {3384},
	title = {dynGENIE3: dynamical {GENIE3} for the inference of gene networks from time series expression data},
	url = {https://www.nature.com/articles/s41598-018-21715-0},
	volume = {8},
	year = {2018},
	bdsk-url-1 = {https://www.nature.com/articles/s41598-018-21715-0},
	bdsk-url-2 = {https://doi.org/10.1038/s41598-018-21715-0}}

@phdthesis{Murphy2002DBN,
	author = {Murphy, Kevin P.},
	school = {University of California, Berkeley},
	title = {Dynamic Bayesian Networks: Representation, Inference and Learning},
	url = {https://www2.eecs.berkeley.edu/Pubs/TechRpts/2002/8174.html},
	year = {2002},
	bdsk-url-1 = {https://www2.eecs.berkeley.edu/Pubs/TechRpts/2002/8174.html}}

@article{PapiliGao2018SINCERITIES,
	author = {Papili Gao, N. and Ud-Dean, S. M. and Gandrillon, O. and Gunawan, R.},
	doi = {10.1093/bioinformatics/btx622},
	journal = {Bioinformatics},
	number = {2},
	pages = {258--266},
	title = {SINCERITIES: Inferring gene regulatory networks from time-stamped single cell transcriptional expression profiles},
	url = {https://academic.oup.com/bioinformatics/article/34/2/258/4158033},
	volume = {34},
	year = {2018},
	bdsk-url-1 = {https://academic.oup.com/bioinformatics/article/34/2/258/4158033},
	bdsk-url-2 = {https://doi.org/10.1093/bioinformatics/btx622}}

@article{Moerman2019GRNBoost2,
	author = {Moerman, Thomas and Aibar-Santos, Sara and Bravo Gonz{\'a}lez-Blas, Carmen and Jaak Simm and Yves Moreau and Jan Aerts and Stein Aerts},
	doi = {10.1093/bioinformatics/bty916},
	journal = {Bioinformatics},
	number = {12},
	pages = {2159--2161},
	title = {Efficient and scalable inference of gene regulatory networks},
	url = {https://academic.oup.com/bioinformatics/article/35/12/2159/5184284},
	volume = {35},
	year = {2019},
	bdsk-url-1 = {https://academic.oup.com/bioinformatics/article/35/12/2159/5184284},
	bdsk-url-2 = {https://doi.org/10.1093/bioinformatics/bty916}}

@article{Sachs,
	author = {Karen Sachs and Omar Perez and Dana Pe'er and Douglas A. Lauffenburger and Garry P. Nolan},
	date-added = {2025-09-05 01:26:20 +0200},
	date-modified = {2025-09-05 01:27:27 +0200},
	journal = {Science},
	number = {5721},
	pages = {523-529},
	title = {Causal Protein-Signaling Networks Derived from Multiparameter Single-Cell Data},
	volume = {308},
	year = {2005}}

@article{CausalLearnLibrary,
	author = {Zheng, Yujia and Huang, Biwei and Chen, Wei and Ramsey, Joseph and Gong, Mingming and Cai, Ruichu and Shimizu, Shohei and Spirtes, Peter and Zhang, Kun},
	date-added = {2025-09-02 10:31:43 +0200},
	date-modified = {2025-09-02 10:33:40 +0200},
	journal = {Journal of Machine Learning Research},
	number = {60},
	pages = {1--8},
	title = {Causal-learn: Causal discovery in python},
	volume = {25},
	year = {2024}}

@inproceedings{LoopyBP,
	address = {San Francisco, CA, USA},
	author = {Murphy, Kevin P. and Weiss, Yair and Jordan, Michael I.},
	booktitle = {Proceedings of the Fifteenth Conference on Uncertainty in Artificial Intelligence},
	date-added = {2025-09-02 10:02:21 +0200},
	date-modified = {2025-09-02 10:06:13 +0200},
	number = {9},
	pages = {467--475},
	publisher = {Morgan Kaufmann Publishers Inc.},
	series = {UAI'99},
	title = {Loopy belief propagation for approximate inference: an empirical study},
	year = {1999}}

@book{IntelligentSystemsBook_Pearl,
	author = {Pearl, Judea},
	date-added = {2025-09-02 09:59:26 +0200},
	date-modified = {2025-09-02 10:02:16 +0200},
	publisher = {Morgan Kaufmann Publishers Inc.},
	title = {Probabilistic Reasoning in Intelligent Systems: Networks of Plausible Inference},
	year = {1988}}

@article{scikit-learnLibrary,
	author = {Pedregosa, F. and Varoquaux, G. and Gramfort, A. and Michel, V. and Thirion, B. and Grisel, O. and Blondel, M. and Prettenhofer, P. and Weiss, R. and Dubourg, V. and Vanderplas, J. and Passos, A. and Cournapeau, D. and Brucher, M. and Perrot, M. and Duchesnay, E.},
	date-added = {2025-09-01 08:58:48 +0200},
	date-modified = {2025-09-01 09:01:12 +0200},
	journal = {Journal of Machine Learning Research},
	pages = {2825--2830},
	title = {Scikit-learn: Machine Learning in {P}ython},
	volume = {12},
	year = {2011}}

@article{CisElements_TakenakaNeuwirtBrennicke,
	author = {Takenaka, Mizuki and Neuwirt, Julia and Brennicke, Axel},
	date-added = {2025-07-18 11:53:13 +0200},
	date-modified = {2025-07-18 11:54:11 +0200},
	journal = {Nucleic Acids Research},
	number = {14},
	pages = {4137-4144},
	title = {Complex cis-elements determine an RNA editing site in pea mitochondria},
	volume = {32},
	year = {2004}}

@article{SiteSelective_KarcherBock,
	author = {Karcher, Daniel and Bock, Ralph},
	date-added = {2025-07-18 11:51:30 +0200},
	date-modified = {2025-07-18 11:52:22 +0200},
	journal = {Nucleic Acids Research},
	number = {5},
	pages = {1185-1190},
	title = {Site-selective inhibition of plastid RNA editing by heat shock and antibiotics: A role for plastid translation in RNA editing},
	volume = {26},
	year = {1998}}

@article{ChloroCP31A_TillichEtAl,
	author = {Michael Tillich and Simone L. Hardel and Christiane Kupsch and Ute Armbruster and Etienne Delannoy and Jos{\'e} M. Gualberto and Pascal Lehwark and Dario Leister and Ian D. Small and Christian Schmitz-Linneweber},
	date-added = {2025-07-18 11:49:11 +0200},
	date-modified = {2025-07-18 11:50:22 +0200},
	journal = {Proceedings of the National Academy of Sciences},
	number = {14},
	pages = {6002-6007},
	title = {Chloroplast ribonucleoprotein CP31A is required for editing and stability of specific chloroplast mRNAs},
	volume = {106},
	year = {2009}}

@article{LarchMito_MarechalEtAl,
	author = {Mar{\'e}chal-Drouard, Laurence and Kumar, Raman and Remacle, Claire and Small, Ian},
	date-added = {2025-07-18 11:47:15 +0200},
	date-modified = {2025-07-18 11:48:07 +0200},
	journal = {Nucleic Acids Research},
	number = {16},
	pages = {3229-3234},
	title = {RNA Editing of Larch Mitochondrial tRNA His Precursors Is a Prerequisite for Processing},
	volume = {24},
	year = {1996}}

@article{Heterologous_SchmitzEtAl,
	author = {Schmitz‐Linneweber, Christian and Tillich, Michael and Herrmann, Reinhold G. and Maier, Rainer M.},
	date-added = {2025-07-18 11:43:19 +0200},
	date-modified = {2025-09-02 10:08:09 +0200},
	journal = {The EMBO Journal},
	number = {17},
	pages = {4874-4883},
	title = {Heterologous, splicing-dependent RNA editing in chloroplasts: allotetraploidy provides trans-factors},
	volume = {20},
	year = {2001}}

@article{igraphLibrary,
	author = {Csardi, G. and Nepusz, T.},
	date-added = {2025-07-17 15:45:39 +0200},
	date-modified = {2025-07-17 15:47:52 +0200},
	journal = {InterJournal, Complex Systems},
	number = {1695},
	title = {The igraph software package for complex network research},
	year = {2006}}

@article{pgmpyLibrary,
	author = {Ankur Ankan and Johannes Textor},
	date-added = {2025-07-17 15:41:40 +0200},
	date-modified = {2025-07-17 15:42:33 +0200},
	journal = {Journal of Machine Learning Research},
	number = {265},
	pages = {1--8},
	title = {pgmpy: A Python Toolkit for Bayesian Networks},
	volume = {25},
	year = {2024}}

@article{DoWhyLibraryExtension,
	author = {Patrick Bl{{\"o}}baum and Peter G{{\"o}}tz and Kailash Budhathoki and Atalanti A. Mastakouri and Dominik Janzing},
	date-added = {2025-07-16 14:04:39 +0200},
	date-modified = {2025-07-16 14:05:57 +0200},
	journal = {Journal of Machine Learning Research},
	number = {147},
	pages = {1--7},
	title = {DoWhy-GCM: An Extension of DoWhy for Causal Inference in Graphical Causal Models},
	volume = {25},
	year = {2024}}

@article{DoWhyLibrary,
	author = {Sharma, Amit and Kiciman, Emre},
	date-added = {2025-07-16 14:02:58 +0200},
	date-modified = {2025-07-16 14:04:37 +0200},
	journal = {arXiv preprint arXiv:2011.04216},
	title = {DoWhy: An End-to-End Library for Causal Inference},
	year = {2020}}

@book{CausalityBook_Pearl,
	address = {32 Avenue of the Americas, New York, NY, USA},
	author = {Pearl, Judea},
	date-added = {2025-07-10 11:26:14 +0200},
	date-modified = {2025-07-10 11:32:47 +0200},
	edition = {Second edition},
	publisher = {Cambridge University Press},
	title = {Causality: Models, Reasoning, and Inference},
	year = {2009}}

@article{CausalityPaper_Pearl,
	author = {Pearl, Judea},
	date-added = {2025-07-10 11:19:54 +0200},
	date-modified = {2025-07-10 11:21:26 +0200},
	journal = {Biometrika},
	number = {4},
	pages = {669-688},
	title = {Causal diagrams for empirical research},
	volume = {82},
	year = {1995}}

@inproceedings{DagsNotears,
	address = {Red Hook, NY, USA},
	author = {Zheng, Xun and Aragam, Bryon and Ravikumar, Pradeep and Xing, Eric P.},
	booktitle = {Proceedings of the 32nd International Conference on Neural Information Processing Systems},
	date-modified = {2025-07-09 10:16:35 +0200},
	pages = {9492--9503},
	publisher = {Curran Associates Inc.},
	series = {NIPS'18},
	title = {DAGs with NO TEARS: continuous optimization for structure learning},
	year = {2018}}

@article{Long_Reads_GuilcherEtAl,
	author = {Guilcher, Marine and Liehrmann, Arnaud and Seyman, Chlo{\'e} and Blein, Thomas and Rigaill, Guillem and Castandet, Benoit and Delannoy, Etienne},
	date-modified = {2025-10-09 23:24:15 +0200},
	journal = {International Journal of Molecular Sciences},
	number = {11297},
	rating = {1},
	read = {0},
	title = {Full Length Transcriptome Highlights the Coordination of Plastid Transcript Processing},
	volume = {22},
	year = {2021}}
